% Bibliography items probably commonly useful for VO tutorials.

@MISC{soft:aladin,
   author = {{Centre de Donn{\'e}es Astronomiques de Strasbourg (CDS)}},
    title = "{Aladin: Interactive Sky Atlas}",
 keywords = {Software},
howpublished = {Astrophysics Source Code Library},
     year = 2011,
    month = dec,
archivePrefix = "ascl",
   eprint = {1112.019},
   url = {http://ascl.net/1112.019},
   adsurl = {http://ads.ari.uni-heidelberg.de/abs/2011ascl.soft12019C},
  adsnote = {Provided by the SAO/NASA Astrophysics Data System}
}

@MISC{soft:topcat,
   author = {{Taylor}, M.},
    title = "{{TOPCAT}: {Tool} for {OPerations} on {Catalogues And Tables}}",
 keywords = {Software },
howpublished = {Astrophysics Source Code Library},
     year = 2011,
    month = jan,
archivePrefix = "ascl",
   eprint = {1101.010},
   url = {http://ascl.net/1101.010},
   adsurl = {http://ads.ari.uni-heidelberg.de/abs/2011ascl.soft01010T},
  adsnote = {Provided by the SAO/NASA Astrophysics Data System}
}

@MISC{soft:pyVO,
   author = {{Graham}, M. and {Plante}, R. and {Tody}, D. and {Fitzpatrick}, M.
	},
    title = "{{PyVO}: Python access to the Virtual Observatory}",
 keywords = {Software },
howpublished = {Astrophysics Source Code Library},
     year = 2014,
    month = feb,
archivePrefix = "ascl",
   eprint = {1402.004},
   url = {http://ascl.net/1402.004},
   adsurl = {http://ads.ari.uni-heidelberg.de/abs/2014ascl.soft02004G},
  adsnote = {Provided by the SAO/NASA Astrophysics Data System}
}
